<record><leader>00000cas a2200000 a 4500</leader><controlfield tag="001">39723342</controlfield><controlfield tag="008">980820d19uu1924miuwr n       0    0eng c</controlfield><datafield ind1=" " ind2=" " tag="010"><subfield code="a">sn 98066446 </subfield></datafield><datafield ind1=" " ind2=" " tag="040"><subfield code="a">MHN</subfield><subfield code="b">eng</subfield><subfield code="c">MHN</subfield><subfield code="d">OCL</subfield><subfield code="d">OCLCQ</subfield><subfield code="d">OCLCO</subfield></datafield><datafield ind1="1" ind2=" " tag="029"><subfield code="a">AU@</subfield><subfield code="b">000014122513</subfield></datafield><datafield ind1=" " ind2=" " tag="042"><subfield code="a">pcc</subfield></datafield><datafield ind1=" " ind2=" " tag="043"><subfield code="a">n-us-mi</subfield></datafield><datafield ind1="0" ind2=" " tag="130"><subfield code="a">Collegian (Detroit, Mich.)</subfield></datafield><datafield ind1="1" ind2="0" tag="245"><subfield code="a">Collegian.</subfield></datafield><datafield ind1="3" ind2=" " tag="246"><subfield code="a">D.J.C. Collegian</subfield></datafield><datafield ind1=" " ind2=" " tag="260"><subfield code="a">Detroit, Mich. :</subfield><subfield code="b">Students of the Detroit Junior College</subfield></datafield><datafield ind1=" " ind2=" " tag="300"><subfield code="a">v.</subfield></datafield><datafield ind1=" " ind2=" " tag="310"><subfield code="a">Weekly during the school year,</subfield><subfield code="b">&lt;Jan. 9, 1922&gt;-</subfield></datafield><datafield ind1=" " ind2=" " tag="321"><subfield code="a">Semimonthly,</subfield><subfield code="b">&lt;1919&gt;-</subfield></datafield><datafield ind1=" " ind2=" " tag="588"><subfield code="a">Description based on: Vol. 3, no. 5 (Dec. 17, 1919).</subfield></datafield><datafield ind1="2" ind2="0" tag="610"><subfield code="a">Detroit Junior College</subfield><subfield code="v">Newspapers.</subfield></datafield><datafield ind1=" " ind2="0" tag="651"><subfield code="a">Detroit (Mich.)</subfield><subfield code="v">Newspapers.</subfield></datafield><datafield ind1=" " ind2="0" tag="651"><subfield code="a">Wayne County (Mich.)</subfield><subfield code="v">Newspapers.</subfield></datafield><datafield ind1="2" ind2=" " tag="710"><subfield code="a">Detroit Junior College.</subfield></datafield><datafield ind1=" " ind2=" " tag="752"><subfield code="a">United States</subfield><subfield code="b">Michigan</subfield><subfield code="c">Wayne</subfield><subfield code="d">Detroit.</subfield></datafield><datafield ind1="0" ind2="0" tag="785"><subfield code="t">Detroit Collegian</subfield><subfield code="w">(DLC)sn 98066924</subfield><subfield code="w">(OCoLC)39723250</subfield></datafield></record>